
% web

@misc{metodosupera,
  title = {{metodosupera} neuronios glossario do cerebro},
  howpublished = {http://metodosupera.com.br/neuronios-glossario-do-cerebro/}}
}

@online{xiao2017/online,
  author       = {Han Xiao and Kashif Rasul and Roland Vollgraf},
  title        = {Fashion-MNIST: a Novel Image Dataset for Benchmarking Machine Learning Algorithms},
  date         = {2017-08-28},
  year         = {2017},
  eprintclass  = {cs.LG},
  eprinttype   = {arXiv},
  eprint       = {cs.LG/1708.07747},
}


% deep learning

@book{DeepLearningbook,
    author    = "Ian Goodfellow and Yoshua Bengio and Aaron Courville",
    title     = "Deep Learning",
    year      = "2017",
    publisher = "MIT Press",
}



@inproceedings{Ribeiro:2016:WIT:2939672.2939778,
 author = {Ribeiro, Marco Tulio and Singh, Sameer and Guestrin, Carlos},
 title = {"Why Should I Trust You?": Explaining the Predictions of Any Classifier},
 booktitle = {Proceedings of the 22Nd ACM SIGKDD International Conference on Knowledge Discovery and Data Mining},
 series = {KDD '16},
 year = {2016},
 isbn = {978-1-4503-4232-2},
 location = {San Francisco, California, USA},
 pages = {1135--1144},
 numpages = {10},
 url = {http://doi.acm.org/10.1145/2939672.2939778},
 doi = {10.1145/2939672.2939778},
 acmid = {2939778},
 publisher = {ACM},
 address = {New York, NY, USA},
 keywords = {black box classifier, explaining machine learning, interpretability, interpretable machine learning},
} 


% language models

@article{Mikolov11,
    author = {T. Mikolov and S. Kombrink and L. Burget and J. Cernock√Ω and S. Khudanpur},
    title = {Extensions of recurrent neural network language},
    journal = {IEEE},
    pages = {5528--5531},
    year = {2011},
    DOI = {http://ieeexplore.ieee.org/stamp/stamp.jsp?arnumber=5947611}
}

@article{luzfinger2017,
	title={Semantic Parsing Natural Language into SPARQL: an LSTM Enconder-		Decoder Neural Net Approach},

  author={Fabiano F Luz and Marcelo Finger},

  url     = {http://www.bracis2017.ufu.br/eniac-encontro-nacional-de-inteligencia-artificial-e-computacional#tab-0-3},

  year={2017}

}

@article{DBLP:journals/corr/ZarembaSV14,
  author    = {Wojciech Zaremba and
               Ilya Sutskever and
               Oriol Vinyals},
  title     = {Recurrent Neural Network Regularization},
  journal   = {CoRR},
  volume    = {abs/1409.2329},
  year      = {2014},
  url       = {http://arxiv.org/abs/1409.2329},
  archivePrefix = {arXiv},
  eprint    = {1409.2329},
  timestamp = {Wed, 07 Jun 2017 14:41:43 +0200},
  biburl    = {http://dblp.org/rec/bib/journals/corr/ZarembaSV14},
  bibsource = {dblp computer science bibliography, http://dblp.org}
}

% Conexionism


@book{Rumelhart:1986:PDP:104279,
 editor = {Rumelhart, David E. and McClelland, James L. and PDP Research Group, CORPORATE},
 title = {Parallel Distributed Processing: Explorations in the Microstructure of Cognition, Vol. 1: Foundations},
 year = {1986},
 isbn = {0-262-68053-X},
 source = {softcover, \$21.95},
 publisher = {MIT Press},
 address = {Cambridge, MA, USA},
} 

@book{Rumelhart:1986:PDP:21935,
 editor = {Rumelhart, David E. and McClelland, James L. and PDP Research Group, CORPORATE},
 title = {Parallel Distributed Processing: Explorations in the Microstructure of Cognition, Vol. 2: Psychological and Biological Models},
 year = {1986},
 isbn = {0-262-13218-4},
 source = {softcover, \$21.95. Set: hardcover, \$75; softcover, \$39.95, ISBN 0-262-18123-1},
 publisher = {MIT Press},
 address = {Cambridge, MA, USA},
 }